@Book{ALLEN-HOLBERG,
 author = {Phillip E. Allen, Douglas R. Holberg},
 title = {CMOS Analog Circuit Design},
 publisher = {Oxford},
 edition = {3rd},
 year = {2012},
 address = {New York, New York},
 isbn = {978-0199765072}
}

@Book{BAKER,
 author = {R. Jacob Baker},
 title = {CMOS: Circuit Design, Layout, and Simulation},
 publisher = {Wiley},
 edition = {3rd},
 year = {2010},
 address = {Hoboken, New Jersey},
 isbn = {978-0470881323 }
}

@MastersThesis{PROCTOR,
author = {Justin Proctor},
title = {Design of a Multi-Channel Integrated Circuit for Use in Nuclear Physics Experiments Where Particle Identification is Required},
school = {Southern Illinois University Edwardsville},
year = {2007}
}
 
@misc{CFD,
 title = {A Multi-Channel Discriminator IC},
 author = {George Engel},
 year = {2016},
 howpublished={\url{http://www.siue.edu/~gengel/ece584WebStuff/CFDchip.pdf}},
 note = {accessed : 2017-1-10}
}

@Article{HINP,
author = {G.  Engel,  M.  Sadasivam,  M.  Nethi},
title = {Multi-Channel  Integrated  Circuit  for  Use  in  Low  and Intermediate  Energy  Nuclear  Physics  -  HINP16C},
journal = {Nuclear Instruments and Methods in Physics},
year = {2007}
}

@MastersThesis{HINP-THESIS,
author =  {Muthukumar Sadasivam},
title = {A  Multi-channel  Integrated  Circuit  For  Use  With  Silicon  Strip  Detectors  In  Experiments  In  Low  and  Intermediate  Physics},
school = {Southern Illinois University Edwardsville},
year = {2002}
}

@misc{PSD-NSF,
author = {G. Engel, L. Sobotka, M. Famiano},
title = {NSF-MRI proposal},
month = {January},
year = {2006}
}

@MastersThesis{HALL,
author = {Michael J. Hall},
title = {Design Considerations in Systems Employing Multiple Charge Integration for the Detection of Ionizing Radiation },
school = {Southern Illinois University Edwardsville},
year = {2007},
}

@Article{NOWLIN,
author = {M. Simpson, G. Young, R. Jackson},
title = {A monolithic, constant-fraction discriminator using distributed r-c delay line shaping},
journal = {Nuclear Science, IEEE Transactions on},
year = {1996}
}

@misc{OTA,
author = {Achim Gratz},
title = {Operational Transconductance Amplifiers},
howpublished={\url{http://synth.stromeko.net/diy/OTA.pdf}},
month = {July},
year = {2008}
}

@misc{COMMON_MODE,
author = {Jim Karki},
title = {Fully differential amplifiers remove noise from common-mode signals},
howpublished={\url{https://www.edn.com/design/analog/4344425/Fully-differential-amplifiers-remove-noise-from-common-mode-signals}},
month = {November},
year = {2000}
}

@Book{ONESHOT,
  title={Pulse And Digital Circuits},
  author={Rao, P.},
  isbn={9780070606562},
  year={2006},
  publisher={McGraw-Hill Education Pvt Limited}
}