@misc{eLinux-deviceTree,
 author = {eLinux},
 title = {Device Tree},
 year = {2016},
 howpublished = {\url{http://elinux.org/Device_Tree}},
 note = {accessed : 2015-09-12}
}


@misc{eLinux-BeagleBone,
 author = {BeagleBoard.org},
 title = {Beagleboard:BeagleBoneBlack},
 year = {2016},
 howpublished = {\url{http://elinux.org/Beagleboard:BeagleBoneBlack}},
 note = {accessed : 2016-06-05}
}

@Book{DEREK-MOLLOY,
 author = {Derek Molloy},
 title = {Exploring BeagleBone},
 publisher = {Wiley},
 year = {2014},
 address = {Indiapolis, IN},
 isbn = {978-1118935125}
}

@manual{BBB-SRM,
 title = {BeagleBone Black System Reference Manual},
 author = {Gerald Coley}, 
 organization = {BeagleBoard.org},
 edition = {Revision C.1},
 year={2014},
 month={May},
}
 
@misc{encoder,
 title = {3.4. Quadrature encoders},
 author = {Pololu},
 year = {2016},
 howpublished={\url{https://www.pololu.com/docs/0J63/3.4}},
 note = {accessed : 2016-6-10}
}

@misc{RPi3,
 title = {Introducing the Raspberry Pi 3},
 author = {Brian Benchoff},
 year = {2016},
 howpublished={\url{https://hackaday.com/2016/02/28/introducing-the-raspberry-pi-3/}},
 note = {accessed : 2016-6-9}
}

@misc{PIDctrl,
 title = {PID Velocity Control},
 author = {AdamBots},
 year = {2008},
 howpublished={\url{adambots.com/wiki/PID_Velocity_Control}},
 note = {accessed : 2009-12-22}
}

@misc{Seralizer,
 title = {Serializer},
 howpublished={\url{http://wiki.ros.org/serializer}},
 year = {2012},
 author = {Patrick Goebel},
 note= {accessed : 2016-6-9}
} 

%DataSheets
@manual{DRV8872,
 key= {Texas-Instruments},
 title = {DRV8872 3.6-A Brushed DC Motor Driver With Fault Reporting (PWM Control)},
 organization = {Texas Instruments},
 year = {2016},
 edition = {Revision C}
}
 
@manual{DS3231M,
 key={Maxim},
 title = {DS3231M Â±5ppm, I2C Real-Time Clock},
 organization = {Maxim},
 year = {2015},
 edition = {7}
}
 
@manual{PCA9306,
 key={NXP},
 title = {PCA9306 Dual bidirectional I2C-bus and SMBus voltage-level translator},
 organization = {NXP},
 year = {2014},
 edition = {PCA9306 v.8}
}

@manual{MMA8452Q,
 key={Freescale-Semiconductor},
 title={Xtrinsic MMA8452Q 3-Axis, 12-bit/8-bit Digital Accelerometer},
 organization = {Freescale-Semiconductor},
 year = {2013},
 edition = {Rev. 8.1}
}
 
@manual{SN74HC245N,
 key={Texas-Instruments},
 title={SN54HC245, SN74HC245 OCTAL BUS TRANSCEIVERS WITH 3-STATE OUTPUTS},
 organization = {Texas-Instruments},
 year = {2003},
 edition = {SCLS131E}
}

@manual{SN74HC243N,
 key={Texas-Instruments},
 title={CD54HC243, CD74HC243, CD54HCT243, CD74HCT243 High-Speed CMOS Logic Quad-Bus Transceiver with Three-State Outputs},
 organization = {Texas-Instruments},
 year = {2003},
 edition = {SCHS168D}
}

@manual{SN54HC86, 
 key = {Texas-Instruments},
 title = {SN74HC86 QUADRUPLE 2-INPUT EXCLUSIVE-OR GATES},
 organization = {Texas-Instruments},
 year = {2003},
 edition = {SCLS100E}
 }
 
 @misc{DMCC,
 title = {Dual Motor Controller Cape (DMCC) Mk.7},
 howpublished={\url{http://exadler.myshopify.com/products/dual-motor-controller-cape-dmcc-mk-6}},
 year = {2016},
 author = {Paul Tan},
 note= {accessed : 2016-6-17}
} 

@Article{PID_Diff,
author = {Yeong Chin Koo, Elmi Abu Bakar},
title = {Motor Speed Controller for Differential Wheeled Mobile Robot},
journal = {ARPN Journal of Engineering and Applied Sciences},
year = {2015},
OPTvolume = {10},
OPTmonth = {December}
}

@misc{PRUWIKI,
author = {Texas-Instruments},
title = {PRU Linux Application Loader API Guide},
year = {2015},
note = {accessed : 2016-5-10},
howpublished={\url{http://processors.wiki.ti.com/index.php/PRU_Linux_Application_Loader_API_Guide}}
}
