
@Book{RAZAVI_BOOK,
 author = {Razavi, Behzad},
 title = {Design of analog CMOS integrated circuits},
 publisher = {McGraw-Hill},
 year = {2001},
 address = {Boston, MA},
 isbn = {0-07-238032-2}
 }

@Book{WESTE,
 author = {Weste, Neil},
 title = {CMOS VLSI design : a circuits and systems perspective},
 publisher = {Pearson Education},
 year = {2006},
 address = {Delhi},
 isbn = {978-81-775-8568-1}
 }

@Book{TSIVIDIS_BOOK,
 author = {Tsividis, Yannis},
 title = {Operation and modeling of the MOS transistor},
 publisher = {Oxford University Press},
 year = {2011},
 address = {New York},
 isbn = {978-0-19-517015-3}
 }

@Book{RABAEY_BOOK,
 author = {Rabaey, Jan},
 title = {Digital integrated circuits : a design perspective},
 publisher = {Pearson Education},
 year = {2003},
 address = {Upper Saddle River, N.J},
 isbn = {0130909963}
 }

@Book{ALLEN,
 author = {Allen, P. E.},
 title = {CMOS analog circuit design},
 publisher = {Oxford University Press, USA},
 year = {2012},
 address = {New York Oxford},
 isbn = {978-0-19-976507-2}
 }

@Book{ALAN_BOOK,
 author = {Hastings,Alan},
 title = {The ART of ANALOG LAYOUT},
 publisher = {Prentice Hall},
 year = {2001},
 address = {Upper Saddle River,NJ07458},
 isbn ={0-13-087061-7}
 }

@Book{SPIELER_BOOK,
 author = {Helmuth,Spirler},
 title = {Semiconductor Detector Systems},
 publisher = {Oxford University Press},
 year = {2005},
 address = {New York},
 isbn ={978-0-19-852784-8}
 }

%@Article{PICK_DETECT,
%author = {Gianluigi De Geronimo, Paul O'Connor,Anand Kandasamy},
%title = {Analog CMOS Peak detect and hold circuits. Part 1. Analysis of classical configuration},
%journal = {Nuclear Instruments and Methods in Physics Research A},
%year = {2002},
%Pages = {533-543},
%OPTvolume = {484},
%OPTmonth = {August}
%}
%
%@Article{PICK_DETECT_2,
%author = {Gianluigi De Geronimo, Paul O'Connor,Anand Kandasamy},
%title = {Analog CMOS Peak detect and hold circuits. Part 2. The two-phase offset-free and derandomizing configuration},
%journal = {Nuclear Instruments and Methods in Physics Research A},
%year = {2001},
%Pages = {544--556},
%OPTvolume = {484},
%OPTmonth = {September}
%}
%
%

