@ARTICLE{507173,
author={Simpson, M.L. and Young, G.R. and Jackson, R.G. and Xu, M.},
journal={Nuclear Science, IEEE Transactions on},
title={A monolithic, constant-fraction discriminator using distributed R-C delay line shaping},
year={1996},
volume={43},
number={3},
pages={1695-1699},
keywords={CMOS logic circuits;RC circuits;delay lines;detector circuits;discriminators;monolithic integrated circuits;nuclear electronics;20 mV to 2 V;N-well process;constant-fraction shaping;delay line;distributed R-C delay line shaping;monolithic CMOS constant-fraction discriminator;monolithic constant-fraction discriminator;slope degradation;timing errors;CMOS process;Capacitors;Circuits;Computational fluid dynamics;Delay lines;Detectors;Feedback;Laboratories;Signal generators;Timing},
doi={10.1109/23.507173},
ISSN={0018-9499},
month={Jun},}
